% Outlier detection review
@article{gupta2014outlier,
  title={Outlier detection for temporal data: A survey},
  author={Gupta, Manish and Gao, Jing and Aggarwal, Charu C and Han, Jiawei},
  journal={IEEE Transactions on Knowledge and Data Engineering},
  volume={26},
  number={9},
  pages={2250--2267},
  year={2014},
  publisher={IEEE}
}
% SSA
@book{golyandina2013singular,
  title={Singular Spectrum Analysis for time series},
  author={Golyandina, Nina and Zhigljavsky, Anatoly},
  year={2013},
  publisher={Springer Science \& Business Media}
}
% SSA
@article{alexandrov2008method,
  title={A method of trend extraction using singular spectrum analysis},
  author={Alexandrov, Theodore},
  journal={arXiv preprint arXiv:0804.3367},
  year={2008}
}
% K-means
@article{hartigan1979algorithm,
  title={Algorithm AS 136: A k-means clustering algorithm},
  author={Hartigan, John A and Wong, Manchek A},
  journal={Journal of the Royal Statistical Society. Series C (Applied Statistics)},
  volume={28},
  number={1},
  pages={100--108},
  year={1979},
  publisher={JSTOR}
}
% Pearson
@article{pearson1895note,
  title={Note on regression and inheritance in the case of two parents},
  author={Pearson, Karl},
  journal={Proceedings of the Royal Society of London},
  volume={58},
  pages={240--242},
  year={1895},
  publisher={JSTOR}
}
% precision and recall
@article{perry1955machine,
  title={Machine literature searching x. machine language; factors underlying its design and development},
  author={Perry, James W and Kent, Allen and Berry, Madeline M},
  journal={Journal of the Association for Information Science and Technology},
  volume={6},
  number={4},
  pages={242--254},
  year={1955},
  publisher={Wiley Online Library}
}